<?xml version="1.0" encoding="UTF-8"?><record xmlns="http://www.loc.gov/MARC21/slim" xmlns:cinclude="http://apache.org/cocoon/include/1.0" xmlns:zs="http://www.loc.gov/zing/srw/">
  <leader>00510nz  a2200145n  4500</leader>
  <controlfield tag="001">no2001096193</controlfield>
  <controlfield tag="003">DLC</controlfield>
  <controlfield tag="005">20011206052901.0</controlfield>
  <controlfield tag="008">011205n| acannaabn          |a aaa     c</controlfield>
  <datafield tag="010" ind1=" " ind2=" ">
    <subfield code="a">no2001096193</subfield>
  </datafield>
  <datafield tag="035" ind1=" " ind2=" ">
    <subfield code="a">(OCoLC)oca05639998</subfield>
  </datafield>
  <datafield tag="040" ind1=" " ind2=" ">
    <subfield code="a">BrSU</subfield>
    <subfield code="b">eng</subfield>
    <subfield code="c">BrSU</subfield>
  </datafield>
  <datafield tag="100" ind1="1" ind2=" ">
    <subfield code="a">Anjos, Sandra dos</subfield>
  </datafield>
  <datafield tag="400" ind1="1" ind2=" ">
    <subfield code="a">Dos Anjos, Sandra</subfield>
  </datafield>
  <datafield tag="670" ind1=" " ind2=" ">
    <subfield code="a">Galáxias com bojos retangulares, 1992:</subfield>
    <subfield code="b">t.p. (Sandra dos Anjos; tese de doutorado, Departamento de Astronomia, Instituto Astronômico e Geofísico, Universidade de São Paulo)</subfield>
  </datafield>
</record>